

%%% Event Reco
@Booklet{track-algo,
    author         = "{ATLAS Collaboration}",
    title          = "{The Optimization of ATLAS Track Reconstruction in Dense Environments}",
    howpublished   = "{ATL-PHYS-PUB-2015-006}",
    url            = "https://cds.cern.ch/record/2002609",
    year           = "2015",
}

@Booklet{lrt,
    author         = "{ATLAS Collaboration}",
    title          = "{Performance of the reconstruction of large impact parameter tracks in the inner detector of ATLAS}",
    howpublished   = "{ATL-PHYS-PUB-2017-014}",
    url            = "https://cds.cern.ch/record/2275635",
    year           = "2017",
}

@Article{muon-reco,
    author         = "{ATLAS Collaboration}",
    title          = "{Muon reconstruction performance of the ATLAS detector in proton--proton collision data at \(\sqrt{s} = 13\,\text{TeV}\)}",
    journal        = "Eur. Phys. J. C",
    volume         = "76",
    year           = "2016",
    pages          = "292",
    doi            = "10.1140/epjc/s10052-016-4120-y",
    reportNumber   = "CERN-EP-2016-033",
    eprint         = "1603.05598",
    archivePrefix  = "arXiv",
    primaryClass   = "hep-ex",
}

@Article{electron-reco,
    author         = "{ATLAS Collaboration}",
    title          = "{Electron reconstruction and identification in the ATLAS experiment using the 2015 and 2016 LHC proton--proton collision data at \(\sqrt{s} = 13\,\text{TeV}\)}",
    journal        = "Eur. Phys. J. C",
    volume         = "79",
    year           = "2019",
    pages          = "639",
    doi            = "10.1140/epjc/s10052-019-7140-6",
    reportNumber   = "CERN-EP-2018-273",
    eprint         = "1902.04655",
    archivePrefix  = "arXiv",
    primaryClass   = "hep-ex",
}

@Booklet{electron-sliding-window,
    author         = "Lampl, Walter and others",
    title          = "{Calorimeter Clustering Algorithms: Description and Performance}",
    howpublished   = "{ATL-LARG-PUB-2008-002}",
    url            = "https://cds.cern.ch/record/1099735",
    year           = "2008",
}


%%% Data MC
@Booklet{atlas-pythia,
    author         = "{ATLAS Collaboration}",
    title          = "{Summary of ATLAS Pythia 8 tunes}",
    howpublished   = "{ATL-PHYS-PUB-2012-003}",
    url            = "https://cds.cern.ch/record/1474107",
    year           = "2012",
}

@Article{madgraph,
      author         = "Alwall, J. and Frederix, R. and Frixione, S. and Hirschi,
                        V. and Maltoni, F. and Mattelaer, O. and Shao, H. -S. and
                        Stelzer, T. and Torrielli, P. and Zaro, M.",
      title          = "{The automated computation of tree-level and
                        next-to-leading order differential cross sections, and
                        their matching to parton shower simulations}",
      journal        = "JHEP",
      volume         = "07",
      year           = "2014",
      pages          = "079",
      doi            = "10.1007/JHEP07(2014)079",
      eprint         = "1405.0301",
      archivePrefix  = "arXiv",
      primaryClass   = "hep-ph",
      reportNumber   = "CERN-PH-TH-2014-064, CP3-14-18, LPN14-066, MCNET-14-09,
                        ZU-TH-14-14",
      SLACcitation   = "%%CITATION = ARXIV:1405.0301;%%"
}

@article{pdfs,
      author         = "Ball, Richard D. and others",
      title          = "{Parton distributions with LHC data}",
      journal        = "Nucl. Phys. B",
      volume         = "867",
      year           = "2013",
      pages          = "244",
      doi            = "10.1016/j.nuclphysb.2012.10.003",
      eprint         = "1207.1303",
      archivePrefix  = "arXiv",
      primaryClass   = "hep-ph",
      reportNumber   = "EDINBURGH-2012-08, IFUM-FT-997, FR-PHENO-2012-014,
                        RWTH-TTK-12-25, CERN-PH-TH-2012-037, SFB-CPP-12-47\,
                        --CERN-PH-TH-2012-037",
      SLACcitation   = "%%CITATION = ARXIV:1207.1303;%%"
}



%%% LLPs
@article{llp-whitepaper,
      author         = "Lee L. and others",
      title          = "{Collider searches for long-lived particles beyond the Standard Model}",
      journal        = "Progress in Particle and Nuclear Physics",
      volume         = "106",
      year           = "2019",
      pages          = "210-255",
      doi            = "10.1016/j.ppnp.2019.02.006",
      archivePrefix  = "arXiv",
      primaryClass   = "hep-ph",
      SLACcitation   = "%%CITATION = ARXIV:1810.12602%%"
}

@Booklet{llp-banerjee,
    author         = "Banerjee S. and others ",
    title          = "{Determining the lifetime of long-lived particles at the LHC}",
    howpublished   = "{ IPPP/19/94, LAPTH-051/19}",
    url            = "https://arxiv.org/abs/1912.06669",
    year           = "2017",
    SLACcitation   = "%%CITATION = ARXIV:1912.06669;%%"

}



%%% LHC
@manual{cern-cavities,
  title  = "Accelerating: Radiofrequency cavities",
  author = "CERN",
  url    = "https://home.cern/science/engineering/accelerating-radiofrequency-cavities",
  year   = "2020"
}


@manual{cern-accelerators,
  title  = "CERNâ€™s accelerator complex",
  author = "CERN",
  url    = "https://home.cern/science/accelerators/accelerator-complex",
  year   = "2020"
}

@article{accelerator-sketch,
author = {Vanlaer, Pascal},
year = {2020},
month = {08},
pages = {},
title = {Contribution to the study of the central tracking system of the CMS detector, at the future proton collider LHC}
}


@article{pdg,
  title = {Review of Particle Physics},
  author = {Tanabashi, M. and Hagiwara, K. and Hikasa, K. and Nakamura, K. and Sumino, Y. and Takahashi, F. and Tanaka, J. and Agashe, K. and Aielli, G. and Amsler, C. and Antonelli, M. and Asner, D. M. and Baer, H. and Banerjee, Sw. and Barnett, R. M. and Basaglia, T. and Bauer, C. W. and Beatty, J. J. and Belousov, V. I. and Beringer, J. and Bethke, S. and Bettini, A. and Bichsel, H. and Biebel, O. and Black, K. M. and Blucher, E. and Buchmuller, O. and Burkert, V. and Bychkov, M. A. and Cahn, R. N. and Carena, M. and Ceccucci, A. and Cerri, A. and Chakraborty, D. and Chen, M.-C. and Chivukula, R. S. and Cowan, G. and Dahl, O. and D'Ambrosio, G. and Damour, T. and de Florian, D. and de Gouv\^ea, A. and DeGrand, T. and de Jong, P. and Dissertori, G. and Dobrescu, B. A. and D'Onofrio, M. and Doser, M. and Drees, M. and Dreiner, H. K. and Dwyer, D. A. and Eerola, P. and Eidelman, S. and Ellis, J. and Erler, J. and Ezhela, V. V. and Fetscher, W. and Fields, B. D. and Firestone, R. and Foster, B. and Freitas, A. and Gallagher, H. and Garren, L. and Gerber, H.-J. and Gerbier, G. and Gershon, T. and Gershtein, Y. and Gherghetta, T. and Godizov, A. A. and Goodman, M. and Grab, C. and Gritsan, A. V. and Grojean, C. and Groom, D. E. and Gr\"unewald, M. and Gurtu, A. and Gutsche, T. and Haber, H. E. and Hanhart, C. and Hashimoto, S. and Hayato, Y. and Hayes, K. G. and Hebecker, A. and Heinemeyer, S. and Heltsley, B. and Hern\'andez-Rey, J. J. and Hisano, J. and H\"ocker, A. and Holder, J. and Holtkamp, A. and Hyodo, T. and Irwin, K. D. and Johnson, K. F. and Kado, M. and Karliner, M. and Katz, U. F. and Klein, S. R. and Klempt, E. and Kowalewski, R. V. and Krauss, F. and Kreps, M. and Krusche, B. and Kuyanov, Yu. V. and Kwon, Y. and Lahav, O. and Laiho, J. and Lesgourgues, J. and Liddle, A. and Ligeti, Z. and Lin, C.-J. and Lippmann, C. and Liss, T. M. and Littenberg, L. and Lugovsky, K. S. and Lugovsky, S. B. and Lusiani, A. and Makida, Y. and Maltoni, F. and Mannel, T. and Manohar, A. V. and Marciano, W. J. and Martin, A. D. and Masoni, A. and Matthews, J. and Mei\ss{}ner, U.-G. and Milstead, D. and Mitchell, R. E. and M\"onig, K. and Molaro, P. and Moortgat, F. and Moskovic, M. and Murayama, H. and Narain, M. and Nason, P. and Navas, S. and Neubert, M. and Nevski, P. and Nir, Y. and Olive, K. A. and Pagan Griso, S. and Parsons, J. and Patrignani, C. and Peacock, J. A. and Pennington, M. and Petcov, S. T. and Petrov, V. A. and Pianori, E. and Piepke, A. and Pomarol, A. and Quadt, A. and Rademacker, J. and Raffelt, G. and Ratcliff, B. N. and Richardson, P. and Ringwald, A. and Roesler, S. and Rolli, S. and Romaniouk, A. and Rosenberg, L. J. and Rosner, J. L. and Rybka, G. and Ryutin, R. A. and Sachrajda, C. T. and Sakai, Y. and Salam, G. P. and Sarkar, S. and Sauli, F. and Schneider, O. and Scholberg, K. and Schwartz, A. J. and Scott, D. and Sharma, V. and Sharpe, S. R. and Shutt, T. and Silari, M. and Sj\"ostrand, T. and Skands, P. and Skwarnicki, T. and Smith, J. G. and Smoot, G. F. and Spanier, S. and Spieler, H. and Spiering, C. and Stahl, A. and Stone, S. L. and Sumiyoshi, T. and Syphers, M. J. and Terashi, K. and Terning, J. and Thoma, U. and Thorne, R. S. and Tiator, L. and Titov, M. and Tkachenko, N. P. and T\"ornqvist, N. A. and Tovey, D. R. and Valencia, G. and Van de Water, R. and Varelas, N. and Venanzoni, G. and Verde, L. and Vincter, M. G. and Vogel, P. and Vogt, A. and Wakely, S. P. and Walkowiak, W. and Walter, C. W. and Wands, D. and Ward, D. R. and Wascko, M. O. and Weiglein, G. and Weinberg, D. H. and Weinberg, E. J. and White, M. and Wiencke, L. R. and Willocq, S. and Wohl, C. G. and Womersley, J. and Woody, C. L. and Workman, R. L. and Yao, W.-M. and Zeller, G. P. and Zenin, O. V. and Zhu, R.-Y. and Zhu, S.-L. and Zimmermann, F. and Zyla, P. A. and Anderson, J. and Fuller, L. and Lugovsky, V. S. and Schaffner, P.},
  collaboration = {Particle Data Group},
  journal = {Phys. Rev. D},
  volume = {98},
  issue = {3},
  pages = {030001},
  numpages = {1898},
  year = {2018},
  month = {Aug},
  publisher = {American Physical Society},
  doi = {10.1103/PhysRevD.98.030001},
  url = {https://link.aps.org/doi/10.1103/PhysRevD.98.030001}
}

@Booklet{atlas-lumi,
    author         = "{ATLAS Collaboration}",
    title          = "{Luminosity Determination Using the ATLAS Detector}",
    howpublished   = "{ATLAS-CONF-2010-060}",
    url            = "https://cds.cern.ch/record/1281333",
    year           = "2010",
}


@Article{atlas-vdm,
    author         = "{ATLAS Collaboration}",
    title          = "{Luminosity determination in \(pp\) collisions at \(\sqrt{s} = 7\,\text{TeV}\) using the ATLAS detector at the LHC}",
    journal        = "Eur. Phys. J. C",
    volume         = "71",
    year           = "2011",
    pages          = "1630",
    doi            = "10.1140/epjc/s10052-011-1630-5",
    reportNumber   = "CERN-PH-EP-2010-069",
    eprint         = "1101.2185",
    archivePrefix  = "arXiv",
    primaryClass   = "hep-ex",
}


%%% Detector
@manual{atlas-schematic,
  title  = "Detector & Technology",
  author = "CERN",
  url    = "https://atlas.cern/discover/detector",
  year   = "2020"
}

@Article{atlas-overview,
    author         = "{ATLAS Collaboration}",
    title          = "{The ATLAS Experiment at the CERN Large Hadron Collider}",
    journal        = "JINST",
    volume         = "3",
    year           = "2008",
    pages          = "S08003",
    doi            = "10.1088/1748-0221/3/08/S08003",
    primaryClass   = "hep-ex",
}

@manual{id-schematic,
  title  = "Inner Detector",
  author = "ATLAS Experiment",
  url    = "https://cds.cern.ch/images/CERN-GE-0803014-01/file?size=medium",
  year   = "2014"
}

@manual{id-cutaway,
author = "ATLAS Experiment",
year = {2014},
month = {06},
pages = {},
title = "ATLAS Inner Detctor"
}

